<?xml version="1.0" encoding="utf-8"?>
<record xmlns="http://www.loc.gov/MARC21/slim" xmlns:xsi="http://www.w3.org/2001/XMLSchema-instance" xsi:schemaLocation="http://www.loc.gov/MARC21/slim http://www.loc.gov/standards/marcxml/schema/MARC21slim.xsd">
	<leader>     nam a22     Mi 4500</leader>
	<controlfield tag="001">2758757</controlfield>
	<controlfield tag="003">NjP</controlfield>
	<controlfield tag="006">m        d        </controlfield>
	<controlfield tag="007">cr cn |||m|||a</controlfield>
	<controlfield tag="008">191210s1971    ir      o     000 0 arar </controlfield>
	<datafield ind1=" " ind2=" " tag="040">
		<subfield code="a">ZYU</subfield>
		<subfield code="b">ara</subfield>
		<subfield code="e">rda</subfield>
		<subfield code="c">ZYU</subfield>
	</datafield>
	<datafield ind1="0" ind2="4" tag="050">
		<subfield code="a">BP193.14.A2</subfield>
		<subfield code="b">Q72</subfield>
	</datafield>
	<datafield ind1="1" ind2=" " tag="100">
		<subfield code="6">880-01</subfield>
		<subfield code="a">Qurashī, ʻAlī Akbar.</subfield>
	</datafield>
	<datafield ind1="1" ind2="3" tag="245">
		<subfield code="6">880-02</subfield>
		<subfield code="a">al-Muʻjam al-mufahras li-alfāẓ al-Ṣaḥīfah al-kāmilah lil-Imām ʻAlī ibn al-Ḥusayn Zayn al-ʻĀbidīn /</subfield>
		<subfield code="c">waḍaʻahu: ʻAlī Akbar al-Qurashī.</subfield>
	</datafield>
	<datafield ind1=" " ind2=" " tag="260">
		<subfield code="6">880-03</subfield>
		<subfield code="a">[Qum] :</subfield>
		<subfield code="b">Maṭbūʻāti-yi Dār al-Tablīgh-i Islāmī,</subfield>
		<subfield code="c">1391 [1971]</subfield>
	</datafield>
	<datafield ind1=" " ind2=" " tag="300">
		<subfield code="a">online resource (8, 823 pages)</subfield>
	</datafield>
	<datafield ind1=" " ind2=" " tag="336">
		<subfield code="a">text</subfield>
		<subfield code="2">rdacontent</subfield>
	</datafield>
	<datafield ind1=" " ind2=" " tag="337">
		<subfield code="a">computer</subfield>
		<subfield code="2">rdamedia</subfield>
	</datafield>
	<datafield ind1=" " ind2=" " tag="338">
		<subfield code="a">online resource</subfield>
		<subfield code="2">rdacarrier</subfield>
	</datafield>
	<datafield ind1=" " ind2=" " tag="500">
		<subfield code="a">Part of the Arabic Collections Online (ACO) project, contributed by Princeton University Libraries.</subfield>
	</datafield>
	<datafield ind1=" " ind2=" " tag="533">
		<subfield code="a">Electronic reproduction.</subfield>
		<subfield code="b">New York, N.Y. :</subfield>
		<subfield code="c">New York University,</subfield>
		<subfield code="d">2019.</subfield>
		<subfield code="5">NNU</subfield>
	</datafield>
	<datafield ind1="0" ind2="0" tag="630">
		<subfield code="6">880-04</subfield>
		<subfield code="a">Ṣaḥīfah al-kāmilah</subfield>
		<subfield code="v">Concordances</subfield>
	</datafield>
	<datafield ind1="0" ind2="7" tag="630">
		<subfield code="a">Ṣaḥīfah al-kāmilah.</subfield>
		<subfield code="2">fast</subfield>
		<subfield code="0">(OCoLC)fst01376375</subfield>
	</datafield>
	<datafield ind1=" " ind2="7" tag="655">
		<subfield code="a">Concordances.</subfield>
		<subfield code="2">fast</subfield>
		<subfield code="0">(OCoLC)fst01423768</subfield>
	</datafield>
	<datafield ind1="0" ind2=" " tag="700">
		<subfield code="6">880-05</subfield>
		<subfield code="a">Zayn al-ʻĀbidīn ʻAlī ibn al-Ḥusayn,</subfield>
		<subfield code="d">-710?</subfield>
	</datafield>
	<datafield ind1="0" ind2=" " tag="700">
		<subfield code="6">880-06</subfield>
		<subfield code="a">ʻAlī ibn Abī Ṭālib,</subfield>
		<subfield code="c">Caliph,</subfield>
		<subfield code="d">approximately 600-661.</subfield>
	</datafield>
	<datafield ind1="2" ind2=" " tag="710">
		<subfield code="a">Princeton University.</subfield>
		<subfield code="b">Library.</subfield>
	</datafield>
	<datafield ind1="0" ind2=" " tag="730">
		<subfield code="6">880-07</subfield>
		<subfield code="a">Ṣaḥīfah al-kāmilah.</subfield>
	</datafield>
	<datafield ind1="0" ind2=" " tag="730">
		<subfield code="a">Arabic Collections Online.</subfield>
	</datafield>
	<datafield ind1="0" ind2="8" tag="776">
		<subfield code="i">Print version:</subfield>
		<subfield code="a">Qurashī, ʻAlī Akbar.</subfield>
		<subfield code="t">al-Muʻjam al-mufahras li-alfāẓ al-Ṣaḥīfah al-kāmilah lil-Imām ʻAlī ibn al-Ḥusayn Zayn al-ʻĀbidīn</subfield>
		<subfield code="w">(NjP)2758757</subfield>
		<subfield code="w">(DLC)   73209099 </subfield>
		<subfield code="w">(OCoLC)22039793</subfield>
	</datafield>
	<datafield ind1="4" ind2="0" tag="856">
		<subfield code="u">http://hdl.handle.net/2333.1/kprr56rp</subfield>
	</datafield>
	<datafield ind1="1" ind2=" " tag="880">
		<subfield code="6">100-01</subfield>
		<subfield code="a">قرشي، على اكبر.</subfield>
	</datafield>
	<datafield ind1="1" ind2="2" tag="880">
		<subfield code="6">245-02</subfield>
		<subfield code="a">المعجم المفهرس لألفاظ الصحيفة الكاملة للإمام علي بن الحسين زين العابدين /</subfield>
		<subfield code="c">وضعه على اكبر القرشى.</subfield>
	</datafield>
	<datafield ind1=" " ind2=" " tag="880">
		<subfield code="6">260-03</subfield>
		<subfield code="a">[قم] :</subfield>
		<subfield code="b">مطبوعات دار التبليغ اسلامى،</subfield>
		<subfield code="c">1391 [1971]</subfield>
	</datafield>
	<datafield ind1="0" ind2="4" tag="880">
		<subfield code="6">630-04</subfield>
		<subfield code="a">صحيفة الكاملة</subfield>
	</datafield>
	<datafield ind1="0" ind2=" " tag="880">
		<subfield code="6">700-05</subfield>
		<subfield code="a">زين العابدين علي بن الحسين،</subfield>
		<subfield code="d">-710?</subfield>
	</datafield>
	<datafield ind1="0" ind2=" " tag="880">
		<subfield code="6">700-06</subfield>
		<subfield code="a">علي بن ابي طالب،</subfield>
		<subfield code="c">خليفة،</subfield>
		<subfield code="d">approximately 600-661.</subfield>
	</datafield>
	<datafield ind1="0" ind2=" " tag="880">
		<subfield code="6">730-07</subfield>
		<subfield code="a">صحيفة الكاملة.</subfield>
	</datafield>
	<datafield ind1=" " ind2=" " tag="959">
		<subfield code="a">NNU</subfield>
		<subfield code="b">WEB</subfield>
		<subfield code="c">GENI</subfield>
		<subfield code="t">0</subfield>
		<subfield code="m">Electronic access</subfield>
		<subfield code="s">01</subfield>
	</datafield>
	<datafield ind1=" " ind2=" " tag="999">
		<subfield code="i">NjP_2758757</subfield>
		<subfield code="o">(OCoLC)ocm22039793</subfield>
		<subfield code="s">princeton_aco003200</subfield>
		<subfield code="s">princeton_aco003200</subfield>
	</datafield>
</record>
